% Encoding: UTF-8

@article{gessel2005miki,
  title     = {On Miki's identity for Bernoulli numbers},
  author    = {Gessel, Ira M},
  journal   = {Journal of Number Theory},
  volume    = {110},
  number    = {1},
  pages     = {75--82},
  year      = {2005},
  publisher = {Elsevier}
}


@online{cnki2021,
	title = {中国知网\_百度百科},
	url = {https://baike.baidu.com/item/\%E4\%B8\%AD\%E5\%9B\%BD\%E7\%9F\%A5\%E7\%BD\%91},
	urldate = {2021-05-12}
}

@article{tan_checklist_nodate,
  title    = {Checklist and {Tips} for giving a (decent) technical talk},
  language = {en},
  author   = {Tan, Vincent Y F and Draper, Stark C},
  pages    = {2}
}

@incollection{rota_ten_1997,
  address      = {Boston, MA},
  title        = {Ten {Lessons} {I} wish {I} {Had} {Been} {Taught}},
  isbn         = {978-0-8176-4780-3 978-0-8176-4781-0},
  url          = {http://link.springer.com/10.1007/978-0-8176-4781-0_18},
  language     = {en},
  urldate      = {2021-04-03},
  booktitle    = {Indiscrete {Thoughts}},
  publisher    = {Birkhäuser Boston},
  author       = {Rota, Gian-Carlo},
  editor       = {Palombi, Fabrizio},
  collaborator = {Rota, Gian-Carlo},
  year         = {1997},
  doi          = {10.1007/978-0-8176-4781-0_18},
  pages        = {195--203}
}

@book{higham_handbook_1998,
  address   = {Philadelphia},
  edition   = {2nd ed},
  title     = {Handbook of writing for the mathematical sciences},
  isbn      = {978-0-89871-420-3},
  language  = {en},
  publisher = {Society for Industrial and Applied Mathematics},
  author    = {Higham, Nicholas J.},
  year      = {1998}
}

@misc{jungel_how_nodate,
  title    = {How to write and publish a math paper?},
  language = {en},
  author   = {Jüngel, Ansgar}
}

@article{pak_how_nodate,
  title    = {How to write a clear math paper: some 21st century tips},
  abstract = {In this note we explain the importance of clarity and give other tips for mathematical writing. Some of it is mildly opinionated, but most is just common sense and experience.},
  language = {en},
  author   = {Pak, Igor},
  keywords = {used},
  pages    = {18}
}

@article{lee_guide_nodate,
  title    = {A {Guide} to {Writing} {Mathematics}},
  language = {en},
  author   = {Lee, Dr Kevin P},
  keywords = {used},
  pages    = {17}
}

@article{berndt_how_nodate,
  title    = {{HOW} {TO} {WRITE} {MATHEMATICAL} {PAPERS}},
  language = {en},
  author   = {Berndt, Bruce C},
  pages    = {5}
}

@misc{donald_e_knuth_tracy_larrabee_and_paul_m_roberts_mathematical_nodate,
  title  = {Mathematical {Writing}},
  author = {Donald E. Knuth, Tracy Larrabee, {and} Paul M. Roberts}
}

@article{reiter_writing_nodate,
  title    = {Writing a {Research} {Paper} in {Mathematics}},
  language = {en},
  author   = {Reiter, Ashley},
  pages    = {6}
}

@misc{oded_goldreich_how_nodate,
  title    = {How to write a paper},
  author   = {Oded Goldreich},
  keywords = {used}
}

@misc{tao_write_2007,
  title    = {Write a rapid prototype first},
  url      = {https://terrytao.wordpress.com/advice-on-writing-papers/write-a-rapid-prototype-first/},
  abstract = {The best performance improvement is the transition from the nonworking state to the working state. (John Ousterhout) Discovering a solution to a mathematical problem is only half of the battle.  Ac…},
  language = {en},
  urldate  = {2021-04-03},
  journal  = {What's new},
  author   = {Tao},
  month    = may,
  year     = {2007},
  keywords = {done}
}

@article{poonen_practical_nodate,
  title    = {Practical suggestions for mathematical writing},
  language = {en},
  author   = {Poonen, Bjorn},
  pages    = {5}
}
