
@article{BerndtHOW,
  title    = {{{HOW TO WRITE MATHEMATICAL PAPERS}}},
  author   = {Berndt, Bruce C},
  pages    = {5},
  file     = {C\:\\Users\\ASUS\\OneDrive - 上海财经大学\\Papers\\HOW TO WRITE MATHEMATICAL PAPERS\\Berndt - HOW TO WRITE MATHEMATICAL PAPERS.pdf},
  language = {en}
}

@article{carlitzcoefficients,
  title    = {{{THE COEFFICIENTS IN AN ASYMPTOTIC EXPANSION}}},
  author   = {Carlitz, L},
  pages    = {5},
  file     = {C\:\\Users\\ASUS\\OneDrive - 上海财经大学\\Papers\\THE COEFFICIENTS IN AN ASYMPTOTIC EXPANSION\\Carlitz - THE COEFFICIENTS IN AN ASYMPTOTIC EXPANSION.pdf},
  language = {en}
}

@misc{DonaldE.KnuthTracyLarrabeeandPaulM.RobertsMathematical,
  title  = {Mathematical {{Writing}}},
  author = {{Donald E. Knuth, Tracy Larrabee, {and} Paul M. Roberts}},
  file   = {C\:\\Users\\ASUS\\OneDrive - 上海财经大学\\Papers\\Mathematical Writing\\Donald E. Knuth, Tracy Larrabee, and Paul M. Roberts - Mathematical Writing.pdf}
}

@article{garlitznumbers,
  title    = {{{SOME NUMBERS RELATED TO THE STIRLING NUMBERS OF THE FIRST AND SECOND KIND}}},
  author   = {Garlitz, Leonard},
  pages    = {8},
  file     = {C\:\\Users\\ASUS\\OneDrive - 上海财经大学\\Papers\\SOME NUMBERS RELATED TO THE STIRLING NUMBERS OF THE FIRST AND SECOND KIND\\Garlitz - SOME NUMBERS RELATED TO THE STIRLING NUMBERS OF TH.pdf},
  language = {en}
}

@article{GesselMiki2005,
  title    = {On {{Miki}}'s Identity for {{Bernoulli}} Numbers},
  author   = {Gessel, Ira M.},
  year     = {2005},
  month    = jan,
  volume   = {110},
  pages    = {75--82},
  issn     = {0022314X},
  doi      = {10.1016/j.jnt.2003.08.010},
  file     = {C\:\\Users\\ASUS\\OneDrive - 上海财经大学\\Papers\\On Miki's identity for Bernoulli numbers-2005\\Gessel - 2005 - On Miki's identity for Bernoulli numbers.pdf;C\:\\Users\\ASUS\\OneDrive - 上海财经大学\\Papers\\On Miki's identity for Bernoulli numbers-2005\\Gessel - 2005 - On Miki's identity for Bernoulli numbers2.pdf;C\:\\Users\\ASUS\\OneDrive - 上海财经大学\\Papers\\On Miki's identity for Bernoulli numbers-2005\\Gessel - 2005 - On Miki's identity for Bernoulli numbers3.pdf},
  journal  = {Journal of Number Theory},
  language = {en},
  number   = {1}
}

@book{HighamHandbook1998,
  title     = {Handbook of Writing for the Mathematical Sciences},
  author    = {Higham, Nicholas J.},
  year      = {1998},
  edition   = {2nd ed},
  publisher = {{Society for Industrial and Applied Mathematics}},
  address   = {{Philadelphia}},
  file      = {C\:\\Users\\ASUS\\OneDrive - 上海财经大学\\Papers\\Handbook of writing for the mathematical sciences-1998\\Higham - 1998 - Handbook of writing for the mathematical sciences.pdf},
  isbn      = {978-0-89871-420-3},
  language  = {en},
  lccn      = {QA42 .H54 1998}
}

@misc{JungelHow,
  title    = {How to Write and Publish a Math Paper?},
  author   = {J{\"u}ngel, Ansgar},
  file     = {C\:\\Users\\ASUS\\OneDrive - 上海财经大学\\Papers\\How to write and publish a math paper\\Jüngel - How to write and publish a math paper.pdf},
  language = {en}
}

@article{LeeGuide,
  title    = {A {{Guide}} to {{Writing Mathematics}}},
  author   = {Lee, Dr Kevin P},
  pages    = {17},
  file     = {C\:\\Users\\ASUS\\OneDrive - 上海财经大学\\Papers\\A Guide to Writing Mathematics\\Lee - A Guide to Writing Mathematics.pdf},
  keywords = {used},
  language = {en}
}

@misc{OdedGoldreichHow,
  title    = {How to Write a Paper},
  author   = {Oded Goldreich},
  file     = {C\:\\Users\\ASUS\\OneDrive - 上海财经大学\\Papers\\How to write a paper\\Oded Goldreich - How to write a paper.pdf},
  keywords = {used}
}

@article{pakhow,
  title    = {How to Write a Clear Math Paper: Some 21st Century Tips},
  author   = {Pak, Igor},
  pages    = {18},
  abstract = {In this note we explain the importance of clarity and give other tips for mathematical writing. Some of it is mildly opinionated, but most is just common sense and experience.},
  file     = {C\:\\Users\\ASUS\\OneDrive - 上海财经大学\\Papers\\How to write a clear math paper\\Pak - How to write a clear math paper some 21st century.pdf},
  keywords = {used},
  language = {en}
}

@article{PoonenPractical,
  title    = {Practical Suggestions for Mathematical Writing},
  author   = {Poonen, Bjorn},
  pages    = {5},
  file     = {C\:\\Users\\ASUS\\OneDrive - 上海财经大学\\Papers\\Practical suggestions for mathematical writing\\Poonen - Practical suggestions for mathematical writing.pdf},
  language = {en}
}

@article{ReiterWriting,
  title    = {Writing a {{Research Paper}} in {{Mathematics}}},
  author   = {Reiter, Ashley},
  pages    = {6},
  file     = {C\:\\Users\\ASUS\\OneDrive - 上海财经大学\\Papers\\Writing a Research Paper in Mathematics\\Reiter - Writing a Research Paper in Mathematics.pdf},
  language = {en}
}

@inbook{RotaTen1997,
  title        = {Ten {{Lessons I}} Wish {{I Had Been Taught}}},
  booktitle    = {Indiscrete {{Thoughts}}},
  author       = {Rota, Gian-Carlo},
  year         = {1997},
  pages        = {195--203},
  publisher    = {{Birkh\"auser Boston}},
  address      = {{Boston, MA}},
  collaborator = {Rota, Gian-Carlo},
  file         = {C\:\\Users\\ASUS\\OneDrive - 上海财经大学\\Papers\\Ten Lessons I wish I Had Been Taught-1997\\Rota - 1997 - Ten Lessons I wish I Had Been Taught.pdf},
  isbn         = {978-0-8176-4780-3 978-0-8176-4781-0},
  language     = {en}
}

@article{TanChecklist,
  title    = {Checklist and {{Tips}} for Giving a (Decent) Technical Talk},
  author   = {Tan, Vincent Y F and Draper, Stark C},
  file     = {C\:\\Users\\ASUS\\OneDrive - 上海财经大学\\Papers\\Checklist and Tips for giving a (decent) technical talk\\Tan and Draper - Checklist and Tips for giving a (decent) technical.pdf;C\:\\Users\\ASUS\\OneDrive - 上海财经大学\\Papers\\Checklist and Tips for giving a (decent) technical talk\\Tan and Draper - Checklist and Tips for giving a (decent) technical2.pdf},
  language = {en}
}

@misc{TaoWrite2007,
  title    = {Write a Rapid Prototype First},
  author   = {Tao},
  year     = {2007},
  month    = may,
  abstract = {The best performance improvement is the transition from the nonworking state to the working state. (John Ousterhout) Discovering a solution to a mathematical problem is only half of the battle. ~Ac\ldots},
  file     = {C\:\\Users\\ASUS\\OneDrive - 上海财经大学\\Papers\\Write a rapid prototype first-2007\\Tao - 2007 - Write a rapid prototype first.pdf},
  keywords = {done},
  language = {en}
}

@misc{ZhongGuoZhiWang,
  title        = {中国知网\_百度百科},
  howpublished = {https://baike.baidu.com/item/\%E4\%B8\%AD\%E5\%9B\%BD\%E7\%9F\%A5\%E7\%BD\%91}
}


